<record><leader>00000cas a2200000 a 4500</leader><controlfield tag="001">33448737</controlfield><controlfield tag="007">hd bfu---baat</controlfield><controlfield tag="007">hd afu---bact</controlfield><controlfield tag="008">951109d19701971nbuwr nea     0    0eng d</controlfield><datafield ind1=" " ind2=" " tag="010"><subfield code="a">sn 95073254 </subfield></datafield><datafield ind1=" " ind2=" " tag="040"><subfield code="a">NVG</subfield><subfield code="b">eng</subfield><subfield code="c">NVG</subfield><subfield code="d">OCL</subfield><subfield code="d">OCLCQ</subfield><subfield code="d">OCLCF</subfield><subfield code="d">OCLCO</subfield><subfield code="d">OCLCQ</subfield></datafield><datafield ind1=" " ind2=" " tag="042"><subfield code="a">msc</subfield></datafield><datafield ind1=" " ind2=" " tag="043"><subfield code="a">n-us-nb</subfield></datafield><datafield ind1="0" ind2="0" tag="245"><subfield code="a">Northwest Omaha Benson sun.</subfield></datafield><datafield ind1="1" ind2="3" tag="246"><subfield code="a">Benson sun</subfield></datafield><datafield ind1="1" ind2="3" tag="246"><subfield code="a">Omaha sun newspapers</subfield></datafield><datafield ind1="1" ind2=" " tag="246"><subfield code="i">Title in publisher's box:</subfield><subfield code="a">Sun newspapers of Omaha</subfield></datafield><datafield ind1=" " ind2=" " tag="260"><subfield code="a">Omaha, Neb. :</subfield><subfield code="b">Stanford Lipsey,</subfield><subfield code="c">1970-1971.</subfield></datafield><datafield ind1=" " ind2=" " tag="300"><subfield code="a">12 volumes</subfield></datafield><datafield ind1=" " ind2=" " tag="310"><subfield code="a">Weekly</subfield></datafield><datafield ind1=" " ind2=" " tag="336"><subfield code="a">text</subfield><subfield code="b">txt</subfield><subfield code="2">rdacontent</subfield></datafield><datafield ind1=" " ind2=" " tag="337"><subfield code="a">microform</subfield><subfield code="b">h</subfield><subfield code="2">rdamedia</subfield></datafield><datafield ind1=" " ind2=" " tag="338"><subfield code="a">microfilm reel</subfield><subfield code="b">hd</subfield><subfield code="2">rdacarrier</subfield></datafield><datafield ind1="0" ind2=" " tag="362"><subfield code="a">Vol. 72, no. 42 (Sept. 17, 1970)-v. 73, no. 46 (Oct. 14, 1971).</subfield></datafield><datafield ind1=" " ind2=" " tag="580"><subfield code="a">Other editions available: South Omaha sun, North Omaha sun, Sarpy County sun (Omaha, Neb.), West Omaha and Dundee sun.</subfield></datafield><datafield ind1=" " ind2=" " tag="580"><subfield code="a">Split into: Northwest Omaha edition of the sun; and: Benson edition of the sun.</subfield></datafield><datafield ind1=" " ind2=" " tag="533"><subfield code="a">Microfilm.</subfield><subfield code="m">1970-1971:[Lacks Dec. 10,1970]</subfield><subfield code="b">Lincoln, Neb. :</subfield><subfield code="c">Nebraska State Historical Society,</subfield><subfield code="d">1977.</subfield><subfield code="e">5 microfilm reels ; 35 mm.</subfield></datafield><datafield ind1=" " ind2="0" tag="651"><subfield code="a">Benson (Omaha, Neb.)</subfield><subfield code="v">Newspapers.</subfield></datafield><datafield ind1=" " ind2="7" tag="651"><subfield code="a">Nebraska</subfield><subfield code="z">Omaha</subfield><subfield code="z">Benson.</subfield><subfield code="2">fast</subfield><subfield code="0">(OCoLC)fst01322077</subfield></datafield><datafield ind1=" " ind2="7" tag="655"><subfield code="a">Newspapers.</subfield><subfield code="2">fast</subfield><subfield code="0">(OCoLC)fst01423814</subfield></datafield><datafield ind1=" " ind2=" " tag="752"><subfield code="a">United States</subfield><subfield code="b">Nebraska</subfield><subfield code="c">Douglas</subfield><subfield code="d">Omaha.</subfield></datafield><datafield ind1="1" ind2=" " tag="775"><subfield code="t">South Omaha sun</subfield><subfield code="w">(DLC)sn 95073258</subfield></datafield><datafield ind1="1" ind2=" " tag="775"><subfield code="t">North Omaha sun</subfield><subfield code="w">(DLC)sn 95073242</subfield></datafield><datafield ind1="1" ind2=" " tag="775"><subfield code="t">Sarpy County sun (Omaha, Neb.)</subfield></datafield><datafield ind1="1" ind2=" " tag="775"><subfield code="t">West Omaha and Dundee sun</subfield><subfield code="w">(DLC)sn 95073249</subfield></datafield><datafield ind1="0" ind2="0" tag="780"><subfield code="t">Benson sun</subfield><subfield code="w">(DLC)sn 95073253</subfield></datafield><datafield ind1="1" ind2="6" tag="785"><subfield code="t">Northwest Omaha edition of the sun</subfield></datafield><datafield ind1="1" ind2="6" tag="785"><subfield code="t">Benson edition of the sun</subfield><subfield code="w">(DLC)sn 95073255</subfield></datafield><datafield ind1="1" ind2=" " tag="029"><subfield code="a">AU@</subfield><subfield code="b">000012082003</subfield></datafield></record>